<?xml version="1.0" encoding="UTF-8"?><collection xmlns="http://www.loc.gov/MARC21/slim"><record><leader>00455nam--2200145-i-4500</leader><controlfield tag="001">000037494</controlfield><controlfield tag="002">20161230</controlfield><controlfield tag="005">20161230201041</controlfield><controlfield tag="008">060222s1000------------r-----000-0-eng-d</controlfield><datafield ind1=" " ind2=" " tag="080"><subfield code="a">537.222.22:620.181(047.3)</subfield></datafield><datafield ind1=" " ind2=" " tag="245"><subfield code="a">Quantitative measurements of recombination enhaced dislocation gilde in gallium arsenide</subfield></datafield><datafield ind1=" " ind2=" " tag="260"><subfield code="a">Tokyo, Inst.For Solid State Physics, 1982, 35p</subfield></datafield><datafield ind1=" " ind2=" " tag="490"><subfield code="a">Issp Ser.A</subfield></datafield><datafield ind1=" " ind2=" " tag="700"><subfield code="a">Maeda, Koji., Sato, Miwa./S.A.</subfield></datafield><datafield ind1=" " ind2=" " tag="852"><subfield code="a">19409</subfield></datafield></record></collection>